% Encoding: UTF-8

@article{Dean:2008,
 author = {Dean, Jeffrey and Ghemawat, Sanjay},
 title = {MapReduce: Simplified Data Processing on Large Clusters},
 journal = {Commun. ACM},
 volume = {51},
 number = {1},
 month = {jan},
 year = {2008},
 issn = {0001-0782},
 pages = {107--113},
 numpages = {7},
 url = {http://doi.acm.org/10.1145/1327452.1327492},
 doi = {10.1145/1327452.1327492},
 acmid = {1327492},
 publisher = {ACM},
 address = {New York, NY, USA},
}

@WWW{hadoopPower:2017,
  author = {Apache},
  title = {PoweredBy},
  year = {2017},
  url = {https://wiki.apache.org/hadoop/PoweredBy}
}

@WWW{googleCon2017,
    author = {Lehnardt, Jan and Touzet, Joan and Delfino, Gustavo and Bénel, Aurélien},
    tile = {views failing due to fabric_worker_timeout and OS process timed out},
    year = {2017},
    url = {https://groups.google.com/forum/#!topic/couchdb-user-archive/_RvQXeuqHpo/discussion}
}

@WWW{bower16,
  author = {Eric Bower},
  title  = {Node.js generator-based line reader},
  year   = {2016},
  url    = {https://github.com/neurosnap/gen-readlines},
}

@WWW{mozillaGenerators,
  author = {Mozilla Foundation},
  title  = {Iterators and generators},
  year   = {2017},
  date   = {2017-08-14},
  url    = {https://developer.mozilla.org/en-US/docs/Web/JavaScript/Guide/Iterators_and_Generators},
}

@Book{mining2011,
  author    = {Rajaraman, Anand and Ullman, Jeffrey David},
  title     = {Mining of Massive Datasets},
  year      = {2011},
  publisher = {Cambridge University Press},
  isbn      = {1107015359, 9781107015357},
  chapter   = {2},
  address   = {New York, NY, USA},
}

@article{amazon2007,
 author = {DeCandia, Giuseppe and Hastorun, Deniz and Jampani, Madan and Kakulapati, Gunavardhan and Lakshman, Avinash and Pilchin, Alex and Sivasubramanian, Swaminathan and Vosshall, Peter and Vogels, Werner},
 title = {Dynamo: Amazon's Highly Available Key-value Store},
 journal = {SIGOPS Oper. Syst. Rev.},
 issue_date = {December 2007},
 volume = {41},
 number = {6},
 month = oct,
 year = {2007},
 issn = {0163-5980},
 pages = {205--220},
 numpages = {16},
 url = {http://doi.acm.org/10.1145/1323293.1294281},
 doi = {10.1145/1323293.1294281},
 acmid = {1294281},
 publisher = {ACM},
 address = {New York, NY, USA},
 keywords = {performance, reliability, scalability},
} 

@article{google2008,
 author = {Chang, Fay and Dean, Jeffrey and Ghemawat, Sanjay and Hsieh, Wilson C. and Wallach, Deborah A. and Burrows, Mike and Chandra, Tushar and Fikes, Andrew and Gruber, Robert E.},
 title = {Bigtable: A Distributed Storage System for Structured Data},
 journal = {ACM Trans. Comput. Syst.},
 issue_date = {June 2008},
 volume = {26},
 number = {2},
 month = jun,
 year = {2008},
 issn = {0734-2071},
 pages = {4:1--4:26},
 articleno = {4},
 numpages = {26},
 url = {http://doi.acm.org/10.1145/1365815.1365816},
 doi = {10.1145/1365815.1365816},
 acmid = {1365816},
 publisher = {ACM},
 address = {New York, NY, USA},
 keywords = {Large-Scale Distributed Storage},
}

@inproceedings{google2010,
title = {Dremel: Interactive Analysis of Web-Scale Datasets},
author  = {Sergey Melnik and Andrey Gubarev and Jing Jing Long and Geoffrey Romer and Shiva Shivakumar and Matt Tolton and Theo Vassilakis},
year  = 2010,
URL = {http://www.vldb2010.org/accept.htm},
booktitle = {Proc. of the 36th Int'l Conf on Very Large Data Bases},
pages = {330-339}
}

@MastersThesis{chandar2010,
  author      = {Jairam Chandar},
  title       = {Join Algorithms using Map/Reduce},
  institution = {University of Edinburgh},
  year        = {2010},
}

@Online{couchbaseWhitePaper,
  author = {Couchbase},
  editor = {Couchbase},
  title  = {The Shift to the Digital Economy is Driving NoSQL Adoption},
  url    = {https://www.couchbase.com/resources/why-nosql},
}

@Online{couchdb2.0,
  author = {CouchDB},
  editor = {CouchDB},
  title = {2.0},
  url = {https://blog.couchdb.org/2016/09/20/2-0/}
}

@Online{couchwiki,
  author = {Apache.org},
  editor = {Apache.org},
  title = {Introduction to CouchDB Views},
  url = {https://wiki.apache.org/couchdb/Introduction_to_CouchDB_views}
}

@Online{couchguide,
  author = {O’Reilly Media},
  editor = {O’Reilly Media},
  title  = {CouchDB: The Definitive Guide (draft)},
  year   = {2010},
  url    = {http://guide.couchdb.org/draft/btree.html},
}

@Comment{jabref-meta: databaseType:biblatex;}
